
@inproceedings{Moura16b,
	author = 	{Giovane C. M. Moura and Ricardo de O. Schmidt
                  and John Heidemann and Wouter B. {de Vries} and
                  Moritz M{\"u}ller and Lan Wei and Christian Hesselman},
	title = 	"Anycast vs.~{DDoS}: Evaluating the {November}
                  2015 Root {DNS} Event",
	booktitle = 	proc # acm-imc,
	year = 		2016,
	sortdate = "2016-11-15",
	project = "ant, lacrend, lander, retrofuture, researchroot, pinest, 
nipet",
	jsubject = "network_security",
	month = 	nov,
	location = 	"johnh: pafile",
	keywords = 	"anycast, dns, design, ddos, root ddos",
	url =		"https://www.isi.edu/%7ejohnh/PAPERS/Moura16b.html",
	pdfurl =	"https://www.isi.edu/%7ejohnh/PAPERS/Moura16b.pdf",
	blog = "https://ant.isi.edu/blog/?p=897",
	doi = 	"http://dx.doi.org/10.1145/2987443.2987446",
	myorganization =	usc-isi,
	copyrightholder = "authors",
}


@inproceedings{Vries17b,
  author = {{de Vries}, Wouter B. and de O. Schmidt, Ricardo and Hardaker, Wes 
and Heidemann, John and de Boer, Pieter-Tjerk and Pras, Aiko},
  title = {Verfploeter: Broad and Load-Aware Anycast Mapping},
  booktitle = {Proceedings of the ACM Internet Measurement Conference},
  year = {2017},
  sortdate = {2017-11-02},
  project = {ant, lacrend, lander, retrofuturebridge, nipet},
  jsubject = {network_security},
  address = {London, UK},
  myorganization = {USC/Information Sciences Institute},
  copyrightholder = {ACM},
  copyrightterms = {
  Permission to make digital or hard copies of all or part of this work
  for personal or classroom use is granted without fee provided that
  copies are not made or distributed for profit or commercial advantage
  and that copies bear this notice and the full citation on the first
  page. To copy otherwise, to republish, to post on servers or to
  redistribute to lists, requires prior specific permission and/or a
  fee.
  },
  url = {http://www.isi.edu/%7ejohnh/PAPERS/Vries17b.html},
  pdfurl = {http://www.isi.edu/%7ejohnh/PAPERS/Vries17b.pdf},
  blogurl = {https://ant.isi.edu/blog/?p=1078},
  doi = {https://doi.org/10.1145/3131365.3131371},
  otherurl = 
{https://conferences.sigcomm.org/imc/2017/papers/imc17-final46.pdf},
  dataseturl = {https://ant.isi.edu/datasets/anycast/index.html#verfploeter}
}


@inproceedings{Schmidt17a,
  author = {Schmidt, Ricardo de O. and Heidemann, John and Kuipers, Jan Harm},
  title = {Anycast Latency: How Many Sites Are Enough?},
  booktitle = {Proceedings of the  Passive and Active Measurement Workshop},
  year = {2017},
  pages = {to appear},
  month = mar,
  note = {Awarded Best Paper},
  address = {Sydney, Australia},
  publisher = {Springer},
  location = {johnh: pafile},
  project = {ant, lacrend, lander, retrofuture, researchroot, pinest, nipet},
  jsubject = {network_security},
  sortdate = {2017-03-30},
  keywords = {anycast, dns, design, latency},
  url = {http://www.isi.edu/%7ejohnh/PAPERS/Schmidt17a.html},
  pdfurl = {http://www.isi.edu/%7ejohnh/PAPERS/Schmidt17a.pdf},
  blog = {https://ant.isi.edu/blog/?p=930},
  copyrightholder = {Springer},
  copyrightterms = {
  An author may self-archive an author-created version of his/her
  article on his/her own website and or in his/her institutional
  repository. He/she may also deposit this version on his/her funder's
  or funder's designated repository at the funder's request or as a
  result of a legal obligation, provided it is not made publicly
  available until 12 months after official publication. He/she may not
  use the publisher's PDF version, which is posted on
  \url{www.springerlink.com}, for the purpose of self-archiving or
  deposit. Furthermore, the author may only post his/her version
  provided acknowledgement is given to the original source of
  publication and a link is inserted to the published article on
  Springer's website. The link must be accompanied by the following
  text: ``The final publication is available at www.springerlink.com''.
  },
  xxxdoi = {xxx}
}

@inproceedings{Moura18b,
  author = {Moura, Giovane C. M. and Heidemann, John and M{\"u}ller, Moritz and 
de O. Schmidt, Ricardo and Davids, Marco},
  title = {When the Dike Breaks: Dissecting {DNS}
                    Defenses During {DDoS}},
  booktitle = {Proceedings of the ACM Internet Measurement Conference},
  year = {2018},
  sortdate = {2018-10-31},
  project = {ant, lacanic, pinest, nipet},
  jsubject = {network_security},
  month = oct,
  location = {johnh: pafile},
  keywords = {anycast, dns, ddos, root ddos},
  url = {https://www.isi.edu/%7ejohnh/PAPERS/Moura18b.html},
  pdfurl = {https://www.isi.edu/%7ejohnh/PAPERS/Moura18b.pdf},
  dataurl = {https://ant.isi.edu/datasets/dns/#Moura18b_data},
  otherurl = 
{https://conferences.sigcomm.org/imc/2018/papers/imc18-final18.pdf},
  doi = {https://doi.org/10.1145/3278532.3278534},
  blogurl = {https://ant.isi.edu/blog/?p=1244},
  myorganization = {USC/Information Sciences Institute},
  copyrightholder = {authors}
}


@inproceedings{Mueller17b,
  author = {M\"{u}ller, Moritz and Moura, Giovane C. M. and de O. Schmidt, 
Ricardo and Heidemann, John},
  title = {Recursives in the Wild: Engineering Authoritative {DNS} Servers},
  booktitle = {Proceedings of the ACM Internet Measurement Conference},
  pages = {489--495},
  year = {2017},
  sortdate = {2017-11-01},
  project = {ant, retrofuturebridge, lacrend, predict, nipet},
  jsubject = {traffic_detection},
  address = {London, UK},
  myorganization = {USC/Information Sciences Institute},
  copyrightholder = {ACM},
  copyrightterms = {
  Permission to make digital or hard copies of all or part of this work
  for personal or classroom use is granted without fee provided that
  copies are not made or distributed for profit or commercial advantage
  and that copies bear this notice and the full citation on the first
  page. To copy otherwise, to republish, to post on servers or to
  redistribute to lists, requires prior specific permission and/or a
  fee.
  },
  location = {johnh: pafile},
  keywords = {anycast, recursive DNS, authoritative selection},
  url = {http://www.isi.edu/%7ejohnh/PAPERS/Mueller17b.html},
  pdfurl = {http://www.isi.edu/%7ejohnh/PAPERS/Mueller17b.pdf},
  blogurl = {https://ant.isi.edu/blog/?p=1083},
  dataseturl = {https://ant.isi.edu/datasets/dns/index.html#recursives},
  doi = {https://doi.org/10.1145/3131365.3131366}
}

